<?xml version="1.0" encoding="UTF-8"?><record xmlns="http://www.loc.gov/MARC21/slim" xmlns:cinclude="http://apache.org/cocoon/include/1.0" xmlns:zs="http://www.loc.gov/zing/srw/">
  <leader>00392nz  a2200121n  4500</leader>
  <controlfield tag="001">n  88667985 </controlfield>
  <controlfield tag="003">DLC</controlfield>
  <controlfield tag="005">19881017084516.1</controlfield>
  <controlfield tag="008">881017n| acannaab|          |n aad |||  </controlfield>
  <datafield tag="010" ind1=" " ind2=" ">
    <subfield code="a">n  88667985 </subfield>
  </datafield>
  <datafield tag="040" ind1=" " ind2=" ">
    <subfield code="a">DLC</subfield>
    <subfield code="c">DLC</subfield>
  </datafield>
  <datafield tag="100" ind1="1" ind2="0">
    <subfield code="a">Apsan, Howard Neil,</subfield>
    <subfield code="d">1955-</subfield>
  </datafield>
  <datafield tag="670" ind1=" " ind2=" ">
    <subfield code="a">nuc88-116049: His The courts and the legislature, 1985</subfield>
    <subfield code="b">(hdg. on NNC rept.: Apsan, Howard Neil, 1955- ; usage: Howard Neil Apsan)</subfield>
  </datafield>
</record>